@misc { cv,
    title = {Frederick {P}hillips {B}rooks, {J}r. - {B}iography},
    author = {Brooks, Jr, Frederick Phillips},
    howpublished = {\url{https://www.cs.unc.edu/~brooks/FPB_BIO.CV.04.2007.pdf}},
    note = {(Aufgerufen am 09.01.2016)}
}

@misc { mark1,
    title = {{IBM}'s ASCC introduction: a.k.a {T}he {H}arvard {M}ark {I}},
    author = {IBM},
    howpublished =
    {\url{http://www-03.ibm.com/ibm/history/exhibits/markI/markI_intro.html}},
    note = {(Aufgerufen am 09.01.2016)}

@misc { stretch,
    author = {IBM},
    title = {{IBM} {A}rchives: 7030 {D}ata {P}rocessing {S}ystem},
    howpublished = {\url{http://www-03.ibm.com/ibm/history/exhibits/mainframe/mainframe_PP7030.html}},
    note = {(Aufgerufen am 09.01.2016)}
}

@misc { slides,
    title = {Vortrag: {T}he {IBM} {O}perating {S}ystem/360},
    author = {Brooks, Jr, Frederick Phillips},
    year = {2001}
}

@book { mcmurran,
  title={ACHIEVING ACCURACY: A Legacy of Computers and Missiles},
  author={McMurran, M. W.},
  year={2008},
  month={December},
  publisher={Xlibris US},
  note={(S. 98-100)}
}

@misc { harvest,
    author = {Hunt, Warren Alva},
    title = {Early History of Harvest Computer},
    howpublished = {\url{http://www.brouhaha.com/~eric/retrocomputing/ibm/stretch/early_history_of_harvest.html}},
    note = {(Aufgerufen am 09.01.2016)}
}

@book { ceruzzi,
    title={A History of Modern Computing},
    author={Ceruzzi, P. E.},
    year={2003},
    publisher={MIT Press},
    note={(S. 144, 151-152)}
}

@article { mealy,
    author = {Mealy, G. H.},
    title = {The {F}unctional {S}tructure of {OS}/360: {P}art {I}
        {I}ntroductory {S}urvey},
    journal = {IBM Syst. J.},
    issue_date = {March 1966},
    volume = {5},
    number = {1},
    month = mar,
    year = {1966},
    issn = {0018-8670},
    pages = {3--11},
    numpages = {9},
    url = {http://dx.doi.org/10.1147/sj.51.0003},
    doi = {10.1147/sj.51.0003},
    acmid = {1663371},
    publisher = {IBM Corp.},
    address = {Riverton, NJ, USA},
}

@article { witt,
    author = {Witt, B. I.},
    title = {The {F}unctional {S}tructure of {OS}/360: {P}art {II} {J}ob and
        {T}ask {M}anagement},
    journal = {IBM Syst. J.},
    issue_date = {March 1966},
    volume = {5},
    number = {1},
    month = mar,
    year = {1966},
    issn = {0018-8670},
    pages = {12--29},
    numpages = {18},
    url = {http://dx.doi.org/10.1147/sj.51.0012},
    doi = {10.1147/sj.51.0012},
    acmid = {1663372},
    publisher = {IBM Corp.},
    address = {Riverton, NJ, USA},
}

@article { clark,
    author = {Clark, W. A.},
    title = {The {F}unctional {S}tructure of {OS}/360: {P}art {III} {D}ata {M}anagement},
    journal = {IBM Syst. J.},
    issue_date = {March 1966},
    volume = {5},
    number = {1},
    month = mar,
    year = {1966},
    issn = {0018-8670},
    pages = {30--51},
    numpages = {22},
    url = {http://dx.doi.org/10.1147/sj.51.0030},
    doi = {10.1147/sj.51.0030},
    acmid = {1663373},
    publisher = {IBM Corp.},
    address = {Riverton, NJ, USA},
}

@misc { multics,
    author = {{Van Vleck}, Tom},
    title = {Multics {H}istory},
    howpublished = {\url{http://www.multicians.org/history.html}},
    note = {(Aufgerufen am 09.01.2016)}
}

@inproceedings { unix,
    author = {Ritchie, D. M.},
    title = {The {E}volution of the {U}nix {T}ime-{S}haring {S}ystem},
    booktitle = {Proceedings of a Symposium on Language Design and Programming Methodology},
    year = {1980},
    isbn = {3-540-09745-7},
    pages = {25--36},
    numpages = {12},
    url = {http://dl.acm.org/citation.cfm?id=645679.664095},
    acmid = {664095},
    publisher = {Springer-Verlag},
    address = {London, UK, UK},
} 

@misc { antitrust,
    author = {{CCIA Staff}},
    title = {{IBM} Tightens Stranglehold Over Mainframe Market; {G}ets Hit With Antitrust Complaint In {E}urope},
    howpublished = {\url{http://www.ccianet.org/2008/07/ibm-with-another-mainframe-antitrust-complaint-in-europe}},
    month = jul,
    year = {2008},
    note = {(Aufgerufen am 09.01.2016)}
}

@misc { compatible,
    author = {{IBM}},
    title = {Mainframe strength: {C}ontinuing compatibility},
    howpublished = {\url{http://www-01.ibm.com/support/knowledgecenter/zosbasics/com.ibm.zos.zmainframe/zconc_compatible.htm}},
    note = {(Aufgerufen am 09.01.2016)}
}

@misc { lenovo,
    author = {Spooner, J. G.},
    title = {{IBM} sells {PC} group to {L}enovo},
    howpublished = {\url{http://www.cnet.com/news/ibm-sells-pc-group-to-lenovo}},
    month = dec,
    year = {2004},
    note = {(Aufgerufen am 09.01.2016)}
}

@book { mmm,
  title={Vom Mythos des Mann-Monats},
  author={Brooks, F. P.},
  isbn={9783826613555},
  series={mitp Business},
  year={2003},
  publisher={mitp-Verlag}
}

@misc { heise,
    author = {Borchers, Detlef},
    title = {Vor 40 {J}ahren: der perfekte {C}omputer | heise online},
    howpublished = {\url{http://heise.de/-96683}},
    month = apr,
    year = {2004},
    note = {(Aufgerufen am 09.01.2016)}
}

@book { dod,
  title={Erfolgreiches Design: Essays Ã¼ber universelle Designprozesse mit Beispielen aus IT und Software-Entwicklung},
  author={Brooks, F. P.},
  isbn={9783826690808},
  year={2011},
  publisher={Hamburg : mitp}
}
