@misc { test,
    title = {Some Title},
    author = {Some Author},
    howpublished = {\url{http://...}},
    note = {(Aufgerufen am xx.xx.2016)}
}

@book { some_book,
  title = {Book Title},
  author = {Some Author},
  year = {2008},
  month = {December},
  publisher = {Some Publisher},
  note = {(S. 98-100)}
}
