@ARTICLE{soa_limit,
    title={The promise and limitations of service oriented architecture},
    author={Mahmood, Zaigham},
    journal={International journal of Computers},
    volume={1},
    number={3},
    pages={74--78},
    year={2007},
    publisher={Citeseer}
}

@ARTICLE{quality, 
    author={Kitchenham, B. and Pfleeger, S.L.}, 
    journal={Software, IEEE}, 
    title={Software quality: the elusive target [special issues section]}, 
    year={1996}, 
    volume={13}, 
    number={1}, 
    pages={12-21}, 
    keywords={software maintenance;software performance evaluation;software quality;software developer;software evaluation;software maintenance;software manager;software processes;software products;software quality;Automobiles;Computer errors;Computer networks;Consumer products;Error correction;Hardware;Software quality;Software tools;Telephony;Washing machines}, 
    doi={10.1109/52.476281}, 
    ISSN={0740-7459}, 
    month={Jan},
}

@ARTICLE{measure,
    author = {Cavano, Joseph P. and McCall, James A.},
    title = {A Framework for the Measurement of Software Quality},
    journal = {SIGSOFT Softw. Eng. Notes},
    issue_date = {November 1978},
    volume = {3},
    number = {5},
    month = jan,
    year = {1978},
    issn = {0163-5948},
    pages = {133--139},
    numpages = {7},
    url = {http://doi.acm.org/10.1145/953579.811113},
    doi = {10.1145/953579.811113},
    acmid = {811113},
    publisher = {ACM},
    address = {New York, NY, USA},
}

@INPROCEEDINGS{devops,
    author = {Stillwell, Mark and Coutinho, Jose G. F.},
    title = {A DevOps Approach to Integration of Software Components in an EU Research Project},
    booktitle = {Proceedings of the 1st International Workshop on Quality-Aware DevOps},
    series = {QUDOS 2015},
    year = {2015},
    isbn = {978-1-4503-3817-2},
    location = {Bergamo, Italy},
    pages = {1--6},
    numpages = {6},
    url = {http://doi.acm.org/10.1145/2804371.2804372},
    doi = {10.1145/2804371.2804372},
    acmid = {2804372},
    publisher = {ACM},
    address = {New York, NY, USA},
    keywords = {Ansible, Automated Testing, BuildBot, Configuration Management, DevOps, Docker, GitLab, OpenStack, Vagrant},
} 

@ARTICLE{deploy,
    author = {Merkel, Dirk},
    title = {Docker: Lightweight Linux Containers for Consistent Development and Deployment},
    journal = {Linux J.},
    issue_date = {March 2014},
    volume = {2014},
    number = {239},
    month = mar,
    year = {2014},
    issn = {1075-3583},
    articleno = {2},
    url = {http://dl.acm.org/citation.cfm?id=2600239.2600241},
    acmid = {2600241},
    publisher = {Belltown Media},
    address = {Houston, TX},
} 

@ARTICLE{repro,
    author    = {Carl Boettiger},
    title     = {An introduction to Docker for reproducible research, with examples
        from the {R} environment},
    journal   = {CoRR},
    volume    = {abs/1410.0846},
    year      = {2014},
    url       = {http://arxiv.org/abs/1410.0846},
    timestamp = {Sun, 02 Nov 2014 11:25:59 +0100},
    biburl    = {http://dblp.uni-trier.de/rec/bib/journals/corr/Boettiger14},
    bibsource = {dblp computer science bibliography, http://dblp.org}
}

@ARTICLE{test,
    title={A Service Framework for Parallel Test Execution on a Developer's Local Development Workstation},
    author={Rahman, Mazedur and Chen, Zehua and Gao, Jerry}
}

@INPROCEEDINGS{container, 
    author={Tosatto, A. and Ruiu, P. and Attanasio, A.}, 
    booktitle={Complex, Intelligent, and Software Intensive Systems (CISIS), 2015 Ninth International Conference on}, 
    title={Container-Based Orchestration in Cloud: State of the Art and Challenges}, 
    year={2015}, 
    pages={70-75}, 
    keywords={Big Data;Internet of Things;cloud computing;computer centres;resource allocation;virtual machines;virtualisation;Big Data;Internet of Things;IoT;VM;cloud computing;cloud data center;container-based orchestration;virtual machine;Cloud computing;Containers;Hardware;Kernel;Linux;Virtualization;cloud computing;containers;orchestration;system-level virtualization}, 
    doi={10.1109/CISIS.2015.35}, 
    month={July},
}

@INPROCEEDINGS{soa, 
    author={Baraldo, V. and Zuccato, A. and Vardanega, T.}, 
    booktitle={Service-Oriented System Engineering (SOSE), 2015 IEEE Symposium on}, 
    title={Reconciling Service Orientation with the Cloud}, 
    year={2015}, 
    pages={195-202}, 
    keywords={cloud computing;service-oriented architecture;Amazon Web services;PaaSSOA;SOA principles;SOA-based PaaS prototype;SaaS market;cloud computing paradigm;real IaaS instance;service orientation;service oriented architecture principles;service-level agreements;Cloud computing;Computer architecture;Elasticity;Monitoring;Quality of service;Scalability;Service-oriented architecture;elasticity;micro-services;platform as a service;service-oriented computing}, 
    doi={10.1109/SOSE.2015.26}, 
    month={March},
}

@inproceedings{binet2015docker,
  title={docker \& HEP: containerization of applications for development, distribution and preservation},
  author={Binet, S{\'e}bastien and Couturier, B},
  booktitle={Conference on Computing in High Energy and Nuclear Physics--CHEP2015},
  year={2015}
}
