@misc{ bsi_itg,
    title = {{IT}-{G}rundschutz-{K}atalog: {E}lementare {G}efährdungen},
    howpublished = {\url{https://www.bsi.bund.de/DE/Themen/ITGrundschutz/ITGrundschutzKataloge/Inhalt/_content/g/g00/g00.html}},
    note = {(Aufgerufen am: 05.01.2016)}
}

@misc{ docker_docs,
    title = {Docker {D}okumentation},
    howpublished = {\url{https://docs.docker.com}},
    note = {(Aufgerufen am: 05.01.2016)}
}

@misc{ docker_links,
    title = {Docker {G}uide: {V}erlinken von {C}ontainern},
    howpublished = {\url{https://docs.docker.com/v1.8/userguide/dockerlinks}},
    note = {(Aufgerufen am: 05.01.2016)}
}


@misc{ docker_security,
    title = {Docker {D}okumentation zu {S}icherheit},
    howpublished = {\url{https://docs.docker.com/engine/security}},
    note = {(Aufgerufen am: 05.01.2016)}
}

@misc{ elastic_docs,
    title = {Elastic {D}okumentation},
    howpublished = {\url{https://www.elastic.co/guide}},
    note = {(Aufgerufen am: 05.01.2016)}
}

@misc{ elastic_shield,
    title = {Elastic {S}hield {P}roduktseite},
    howpublished = {\url{https://www.elastic.co/products/shield}},
    note = {(Aufgerufen am: 05.01.2016)}
}

@misc{ elastic_grok,
    title = {Elastic {D}okumentation: grok},
    howpublished = {\url{https://www.elastic.co/guide/en/logstash/current/plugins-filters-grok.html}},
    note = {(Aufgerufen am: 05.01.2016)}
}

@misc{ stunnel_docs,
    title = {stunnel {D}okumentation},
    howpublished = {\url{https://www.stunnel.org}},
    note = {(Aufgerufen am: 05.01.2016)}
}

@misc{ nginx_docs,
    title = {nginx {D}okumentation},
    howpublished = {\url{http://nginx.org/en/docs}},
    note = {(Aufgerufen am: 05.01.2016)}
}

@misc{ ecryptfs_docs,
    title = {eCryptfs {M}anpage},
    howpublished = {\url{http://manpages.ubuntu.com/manpages/wily/en/man7/ecryptfs.7.html}},
    note = {(Aufgerufen am: 05.01.2016)}
}

@misc{ nginx_auth,
    title = {Tutorial: {A}uthentifikation mit nginx},
    howpublished = {\url{https://www.digitalocean.com/community/tutorials/how-to-set-up-http-authentication-with-nginx-on-ubuntu-12-10}},
    note = {(Aufgerufen am: 05.01.2016)}
}

@misc{ nginx_cert,
    title = {Tutorial: {S}elbstsignierte {Z}ertifizierung für nginx},
    howpublished = {\url{https://www.digitalocean.com/community/tutorials/how-to-create-an-ssl-certificate-on-nginx-for-ubuntu-14-04}},
    note = {(Aufgerufen am: 05.01.2016)}
}

@misc{ nginx_harden,
    title = {Tutorial: nginx härten},
    howpublished = {\url{https://raymii.org/s/tutorials/Strong_SSL_Security_On_nginx.html}},
    note = {(Aufgerufen am: 05.01.2016)}
}

@misc{ nginx_conf,
    title = {Tutorial: nginx als reverse {P}roxy},
    howpublished = {\url{https://www.digitalocean.com/community/tutorials/how-to-configure-nginx-as-a-web-server-and-reverse-proxy-for-apache-on-one-ubuntu-14-04-droplet}},
    note = {(Aufgerufen am: 05.01.2016)}
}

@misc{ mozilla_tls,
    title = {Mozialla{W}iki: {S}ecurity/{S}erver {S}ide {TLS}},
    howpublished = {\url{https://wiki.mozilla.org/Security/Server_Side_TLS}},
    note = {(Aufgerufen am: 12.01.2016)}
}

@misc{ ssllabs_100,
    title = {Michael {L}ustfield: {G}etting a {P}erfect {SSL} {L}abs {S}core},
    howpublished = {\url{https://michael.lustfield.net/nginx/getting-a-perfect-ssl-labs-score}},
    note = {(Aufgerufen am: 12.01.2016)}
}

@misc{ docker_glossar,
    title = {What is Docker?},
    howpublished = {\url{https://www.docker.com/what-docker}},
    note = {(Aufgerufen am: 12.01.2016)}
}

@misc{ redis_glossar,
    title = {redis.io},
    howpublished = {\url{http://redis.io/}},
    note = {(Aufgerufen am: 12.01.2016)}
}
@misc{ tomcat_glossar,
    title = {Apache Tomcat},
    howpublished = {\url{https://tomcat.apache.org/}},
    note = {(Aufgerufen am: 12.01.2016)}
}

@misc{ alpine_glossar,
  title = {Small. Simple. Secure},
  howpublished = {\url{http://www.alpinelinux.org/}}
  note = {(Aufgerufen am: 12.01.2016)}
}

@misc{ why_docker,
  title = {7.2. ADVANTAGES OF USING DOCKER},
  howpublished = {\url{https://access.redhat.com/documentation/en-US/Red_Hat_Enterprise_Linux/7/html/7.0_Release_Notes/sect-Red_Hat_Enterprise_Linux-7.0_Release_Notes-Linux_Containers_with_Docker_Format-Advantages_of_Using_Docker.html}}
  note = {(Aufgerufen am: 12.01.2016)}
}

@misc{ oauth_spec,
  title = {7.2. ADVANTAGES OF USING DOCKER},
  howpublished = {\url{"The OAuth 2.0 Authorization Framework"}}
  note = {(Aufgerufen am: 12.01.2016)}
}

@misc{ owasp_tomcat,
  title = {Securing Tomcat},
  howpublished = {\url{"https://www.owasp.org/index.php/Securing_tomcat"}}
  note = {(Aufgerufen am: 12.01.2016)}
}

@misc{ dockerfile,
  title = {Dockerfile reference},
  howpublished = {\url{"https://docs.docker.com/engine/reference/builder/"}}
  note = {(Aufgerufen am: 12.01.2016)}
}

@misc{ compose,
  title = {Overview of Docker Compose},
  howpublished = {\url{"https://docs.docker.com/compose/"}}
  note = {(Aufgerufen am: 12.01.2016)}
}

@misc{ redis_doc,
  title = {Redis Security},
  howpublished = {\url{"http://redis.io/topics/security"}}
  note = {(Aufgerufen am: 12.01.2016)}
}

@misc{ owasp_mcree,
    title = {{OWASP}: {SEL}inux, {A}pache, and {T}omcat - {A} {S}ecurely
        {I}mplemented {W}eb {A}pplication {S}erver},
    howpublished = {\url{https://www.owasp.org/images/0/01/Secure_Web_App_Server_McRee_OWASP.pdf}},
    note = {(Aufgerufen am: 12.01.2016)}
}

@misc{ nginx_harden_p1,
    title = {Tecmint: {T}he {U}ltimate {G}uide to {S}ecure, {H}arden and
        {I}mprove {P}erformance of {N}ginx {W}eb {S}erver},
    howpublished = {\url{http://www.tecmint.com/nginx-web-server-security-hardening-and-performance-tips/}},
    note = {(Aufgerufen am: 12.01.2016)}
}

@misc{ boot2docker,
    title = {boot2docker},
    howpublished = {\url{http://boot2docker.io/}},
    note = {(Aufgerufen am: 13.01.2016)}
}

@misc{ docker-machine,
    title = {v0.5.0},
    howpublished = {\url{https://github.com/docker/machine/releases/tag/v0.5.0}},
    note = {(Aufgerufen am: 13.01.2016)}
}

@misc{ rancher-os,
    title = {The perfect little place to run Docker},
    howpublished = {\url{http://rancher.com/rancher-os/}},
    note = {(Aufgerufen am: 13.01.2016)}
}
